@inproceedings{zhang-nivre-12,
author = {Zhang, Yue and Nivre, Joachim},
booktitle = {{COLING}},
title = {{Analyzing the Effect of Global Learning and Beam-Search on Transition-Based Dependency Parsing}},
year = {2012}
}

@inproceedings{mccallum09:factorie:,
  Author = {Andrew McCallum and Karl Schultz and Sameer Singh},
  Booktitle = {Neural Information Processing Systems (NIPS)},
  Title = {{FACTORIE}: Probabilistic Programming via Imperatively Defined Factor Graphs},
  Year = {2009}
}

@article{Hovy:2006wi,
    author = {Hovy, Eduard and Marcus, Mitchell and Palmer, Martha and Ramshaw, Lance and Weischedel, Ralph},
    title = {{OntoNotes: the 90\% solution}},
    journal = {{HLT-NAACL}},
    year = {2006},
    pages = {57--60}
}

@article{Sang:2003gh,
    author = {Sang, Erik F Tjong Kim and De Meulder, Fien},
    title = {{Introduction to the CoNLL-2003 Shared Task: Language-Independent Named Entity Recognition}},
    journal = {{CoNLL}},
    year = {2003}
}


